<?xml version="1.0" encoding="UTF-8"?><collection xmlns="http://www.loc.gov/MARC21/slim"><record><leader>00304nam--2200121-i-4500</leader><controlfield tag="001">000031408</controlfield><controlfield tag="002">20161230</controlfield><controlfield tag="005">20161230201038</controlfield><controlfield tag="008">060222s1000------------r-----000-0-eng-d</controlfield><datafield ind1=" " ind2=" " tag="080"><subfield code="a">92</subfield></datafield><datafield ind1=" " ind2=" " tag="245"><subfield code="a">Mcgraw-hill modern men of science</subfield></datafield><datafield ind1=" " ind2=" " tag="260"><subfield code="a">New York, Mcgraw-hill Book Co., 1966. Vi + 620p</subfield></datafield><datafield ind1=" " ind2=" " tag="852"><subfield code="a">25864</subfield></datafield></record></collection>